@article{ireland2014classical,
  title={The classical theory of inflation and its uses today},
  author={Ireland, Peter},
  journal={Retrieved on March},
  volume={23},
  pages={2019},
  year={2014}
}
@book{ball2017inflation,
  title={Inflation and the Theory of Money},
  author={Ball, Robert James},
  volume={12},
  year={2017},
  publisher={Transaction Publishers}
}
@article{humphrey1981keynes,
  title={Keynes on inflation},
  author={Humphrey, Thomas M},
  journal={FRB Richmond Economic Review},
  volume={67},
  number={1},
  pages={3--13},
  year={1981}
}
@article{o2016keynes,
  title={On Keynes on inflation and unemployment},
  author={O'Connell, Joan},
  journal={The European Journal of the History of Economic Thought},
  volume={23},
  number={1},
  pages={82--101},
  year={2016},
  publisher={Taylor \& Francis}
}
@incollection{ball1994determines,
  title={What determines the sacrifice ratio?},
  author={Ball, Laurence},
  booktitle={Monetary policy},
  pages={155--193},
  year={1994},
  publisher={The University of Chicago Press}
}
@misc{taylor1982union,
  title={Union wage settlements during a disinflation},
  author={Taylor, John B},
  year={1982},
  publisher={National Bureau of Economic Research Cambridge, Mass., USA}
}
@techreport{sargent1981stopping,
  title={Stopping moderate inflations: The methods of Poincare and Thatcher},
  author={Sargent, Thomas J and others},
  year={1981}
}
@techreport{weidenaar1979anti,
  title={Anti-Inflationary Policies: Alternative Approaches},
  author={Weidenaar, Dennis J},
  year={1979}
}
@article{husainanti,
	year={2015},
  title={ANTI-INFLATION POLICY},
  author={Husain, SYED MUNIR}
}
@article{supel1980supply,
  title={Supply-side tax cuts: will they reduce inflation?},
  author={Supel, Thomas M and others},
  journal={Quarterly Review},
  number={Fall},
  year={1980},
  publisher={Federal Reserve Bank of Minneapolis}
}
@book{grant2013cambridge,
  title={Cambridge International AS and A Level Economics Revision Guide},
  author={Grant, Susan},
  year={2013},
  publisher={Cambridge University Press}
}
@article{laguerodie2008theory,
  title={The Theory of Price Controls: John Kenneth Galbraith's Contribution},
  author={Laguerodie, Stephanie and Vergara, Francisco},
  journal={Review of Political Economy},
  volume={20},
  number={4},
  pages={569--593},
  year={2008},
  publisher={Taylor \& Francis}
}
@book{rockoff1992price,
  title={Price controls},
  author={Rockoff, Hugh},
  year={1992},
  publisher={Elgar}
}